@article{hotelling1936relations,
  title={Relations between two sets of variates},
  author={Hotelling, Harold},
  journal={Biometrika},
  volume={28},
  number={3/4},
  pages={321--377},
  year={1936},
  publisher={JSTOR}
}

@article{bach2005probabilistic,
  title={A probabilistic interpretation of canonical correlation analysis},
  author={Bach, Francis R and Jordan, Michael I},
  year={2005},
  publisher={Citeseer}
}

@book{pages2014multiple,
  title={Multiple Factor Analysis by example using R},
  author={Pag{\`e}s, J{\'e}r{\^o}me},
  year={2014},
  publisher={CRC Press}
}

@article{mardia1980multivariate,
  title={Multivariate analysis},
  author={Mardia, Kantilal Varichand and Kent, John T and Bibby, John M},
  year={1980},
  publisher={Academic press}
}

@article{pages2004multiple,
  title={Multiple factor analysis: main features and application to sensory data},
  author={Pages, J{\'e}r{\^o}me and others},
  journal={Revista Colombiana de Estad{\'\i}stica},
  volume={27},
  number={1},
  pages={1--26},
  year={2004},
  publisher={Universidad Nacional de Colombia}
}

@article{wold1985partial,
  title={Partial least squares},
  author={Wold, Herman},
  journal={Encyclopedia of statistical sciences},
  year={1985},
  publisher={Wiley Online Library}
}

@article{frank1993statistical,
  title={A statistical view of some chemometrics regression tools},
  author={Frank, Ildiko E and Friedman, Jerome H},
  journal={Technometrics},
  volume={35},
  number={2},
  pages={109--135},
  year={1993},
  publisher={Taylor \& Francis Group}
}

@article{stone1990continuum,
  title={Continuum regression: cross-validated sequentially constructed prediction embracing ordinary least squares, partial least squares and principal components regression},
  author={Stone, Mervyn and Brooks, Rodney J},
  journal={Journal of the Royal Statistical Society. Series B (Methodological)},
  pages={237--269},
  year={1990},
  publisher={JSTOR}
}

@inproceedings{sun2009equivalence,
  title={On the Equivalence between Canonical Correlation Analysis and Orthonormalized Partial Least Squares},
  author={Sun, Liang and Ji, Shuiwang and Yu, Shipeng and Ye, Jieping},
  booktitle={IJCAI},
  volume={9},
  pages={1230--1235},
  year={2009}
}

@article{gustafsson2001probabilistic,
  title={A probabilistic derivation of the partial least-squares algorithm},
  author={Gustafsson, Mats G},
  journal={Journal of chemical information and computer sciences},
  volume={41},
  number={2},
  pages={288--294},
  year={2001},
  publisher={ACS Publications}
}

@article{greenacre1987geometric,
  title={The geometric interpretation of correspondence analysis},
  author={Greenacre, Michael and Hastie, Trevor},
  journal={Journal of the American statistical association},
  volume={82},
  number={398},
  pages={437--447},
  year={1987},
  publisher={Taylor \& Francis Group}
}

@book{greenacre1984theory,
  title={Theory and applications of correspondence analysis},
  author={Greenacre, Michael J},
  year={1984}
}

@article{zhu2005constrained,
  title={Constrained ordination analysis with flexible response functions},
  author={Zhu, Mu and Hastie, Trevor J and Walther, Guenther},
  journal={Ecological Modelling},
  volume={187},
  number={4},
  pages={524--536},
  year={2005},
  publisher={Elsevier}
}

@article{ter1986canonical,
  title={Canonical correspondence analysis: a new eigenvector technique for multivariate direct gradient analysis},
  author={Ter Braak, Cajo JF},
  journal={Ecology},
  volume={67},
  number={5},
  pages={1167--1179},
  year={1986},
  publisher={Eco Soc America}
}
    
@article{yee2004new,
  title={A new technique for maximum-likelihood canonical Gaussian ordination},
  author={Yee, Thomas W},
  journal={Ecological Monographs},
  volume={74},
  number={4},
  pages={685--701},
  year={2004},
  publisher={Eco Soc America}
}
              
@article{zeileis2004kernlab,
  title={kernlab-an S4 package for kernel methods in R},
  author={Zeileis, Achim and Hornik, Kurt and Smola, Alex and Karatzoglou, Alexandros},
  journal={Journal of statistical software},
  volume={11},
  number={9},
  pages={1--20},
  year={2004},
  publisher={American Statistical Association}
}

@article{yamanishi2003extraction,
  title={Extraction of correlated gene clusters from multiple genomic data by generalized kernel canonical correlation analysis},
  author={Yamanishi, Yoshihiro and Vert, J-P and Nakaya, Akihiro and Kanehisa, Minoru},
  journal={Bioinformatics},
  volume={19},
  number={suppl 1},
  pages={i323--i330},
  year={2003},
  publisher={Oxford Univ Press}
}

@article{akaho2006kernel,
  title={A kernel method for canonical correlation analysis},
  author={Akaho, Shotaro},
  journal={arXiv preprint cs/0609071},
  year={2006}
}

@article{bach2003kernel,
  title={Kernel independent component analysis},
  author={Bach, Francis R and Jordan, Michael I},
  journal={The Journal of Machine Learning Research},
  volume={3},
  pages={1--48},
  year={2003},
  publisher={JMLR. org}
}

@article{lanckriet2004statistical,
  title={A statistical framework for genomic data fusion},
  author={Lanckriet, Gert RG and De Bie, Tijl and Cristianini, Nello and Jordan, Michael I and Noble, William Stafford},
  journal={Bioinformatics},
  volume={20},
  number={16},
  pages={2626--2635},
  year={2004},
  publisher={Oxford Univ Press}
}

@techreport{kuss2003geometry,
  title={The geometry of kernel canonical correlation analysis},
  author={Kuss, Malte and Graepel, Thore},
  year={2003}
}

@article{witten2009penalized,
  title={A penalized matrix decomposition, with applications to sparse principal components and canonical correlation analysis},
  author={Witten, Daniela M and Tibshirani, Robert and Hastie, Trevor},
  journal={Biostatistics},
  pages={kxp008commit},
  year={2009},
  publisher={Biometrika Trust}
}
                  
@article{fukumizu2007statistical,
  title={Statistical consistency of kernel canonical correlation analysibs},
  author={Fukumizu, Kenji and Bach, Francis R and Gretton, Arthur},
  journal={The Journal of Machine Learning Research},
  volume={8},
  pages={361--383},
  year={2007},
  publisher={JMLR. org}
}

@article{witten2013package,
  title={Package ‘pma’},
  author={Witten, Daniela and Tibshirani, Rob and Gross, Sam and Narasimhan, Balasubramanian and Witten, Maintainer Daniela},
  journal={Genetics and Molecular Biology},
  volume={8},
  number={1},
  pages={28},
  year={2013}
}

@article{allen2014generalized,
  title={A generalized least-square matrix decomposition},
  author={Allen, Genevera I and Grosenick, Logan and Taylor, Jonathan},
  journal={Journal of the American Statistical Association},
  volume={109},
  number={505},
  pages={145--159},
  year={2014},
  publisher={Taylor \& Francis}
}

@article{binkiewicz2014covariate,
  title={Covariate assisted spectral clustering},
  author={Binkiewicz, Norbert and Vogelstein, Joshua T and Rohe, Karl},
  journal={arXiv preprint arXiv:1411.2158},
  year={2014}
}

@incollection{jiang2012transfer,
  title={Transfer spectral clustering},
  author={Jiang, Wenhao and Chung, Fu-lai},
  booktitle={Machine Learning and Knowledge Discovery in Databases},
  pages={789--803},
  year={2012},
  publisher={Springer}
}

@article{coifman2005geometric,
  title={Geometric diffusions as a tool for harmonic analysis and structure definition of data: Diffusion maps},
  author={Coifman, Ronald R and Lafon, Stephane and Lee, Ann B and Maggioni, Mauro and Nadler, Boaz and Warner, Frederick and Zucker, Steven W},
  journal={Proceedings of the National Academy of Sciences of the United States of America},
  volume={102},
  number={21},
  pages={7426--7431},
  year={2005},
  publisher={National Acad Sciences}
}

@article{rao1964use,
  title={The use and interpretation of principal component analysis in applied research},
  author={Rao, C Radhakrishna},
  journal={Sankhy{\=a}: The Indian Journal of Statistics, Series A},
  pages={329--358},
  year={1964},
  publisher={JSTOR}
}

@article{doledec1994co,
  title={Co-inertia analysis: an alternative method for studying species--environment relationships},
  author={Dol{\'e}dec, Sylvain and Chessel, Daniel},
  journal={Freshwater biology},
  volume={31},
  number={3},
  pages={277--294},
  year={1994},
  publisher={Wiley Online Library}
}

@article{thioulouse2011simultaneous,
  title={Simultaneous analysis of a sequence of paired ecological tables: A comparison of several methods},
  author={Thioulouse, Jean},
  journal={The Annals of Applied Statistics},
  pages={2300--2325},
  year={2011},
  publisher={JSTOR}
}

@article{breiman1997predicting,
  title={Predicting multivariate responses in multiple linear regression},
  author={Breiman, Leo and Friedman, Jerome H},
  journal={Journal of the Royal Statistical Society: Series B (Statistical Methodology)},
  volume={59},
  number={1},
  pages={3--54},
  year={1997},
  publisher={Wiley Online Library}
}

@article{izenman1975reduced,
  title={Reduced-rank regression for the multivariate linear model},
  author={Izenman, Alan Julian},
  journal={Journal of multivariate analysis},
  volume={5},
  number={2},
  pages={248--264},
  year={1975},
  publisher={Elsevier}
}

@article{mukherjee2011reduced,
  title={Reduced rank ridge regression and its kernel extensions},
  author={Mukherjee, Ashin and Zhu, Ji},
  journal={Statistical analysis and data mining},
  volume={4},
  number={6},
  pages={612--622},
  year={2011},
  publisher={Wiley Online Library}
}

@book{friedman2001elements,
  title={The elements of statistical learning},
  author={Friedman, Jerome and Hastie, Trevor and Tibshirani, Robert},
  volume={1},
  year={2001},
  publisher={Springer series in statistics Springer, Berlin}
}

@book{thrun2012learning,
  title={Learning to learn},
  author={Thrun, Sebastian and Pratt, Lorien},
  year={2012},
  publisher={Springer Science \& Business Media}
}

@article{caruana1997multitask,
  title={Multitask learning},
  author={Caruana, Rich},
  journal={Machine learning},
  volume={28},
  number={1},
  pages={41--75},
  year={1997},
  publisher={Springer}
}

@inproceedings{zhang2005learning,
  title={Learning multiple related tasks using latent independent component analysis},
  author={Zhang, Jian and Ghahramani, Zoubin and Yang, Yiming},
  booktitle={Advances in neural information processing systems},
  pages={1585--1592},
  year={2005}
}

@article{chen2010graph,
  title={Graph-structured multi-task regression and an efficient optimization method for general fused Lasso},
  author={Chen, Xi and Kim, Seyoung and Lin, Qihang and Carbonell, Jaime G and Xing, Eric P},
  journal={arXiv preprint arXiv:1005.3579},
  year={2010}
}

@article{argyriou2008convex,
  title={Convex multi-task feature learning},
  author={Argyriou, Andreas and Evgeniou, Theodoros and Pontil, Massimiliano},
  journal={Machine Learning},
  volume={73},
  number={3},
  pages={243--272},
  year={2008},
  publisher={Springer}
}

@article{friedman2009glmnet,
  title={glmnet: Lasso and elastic-net regularized generalized linear models},
  author={Friedman, Jerome and Hastie, Trevor and Tibshirani, Rob},
  journal={R package version},
  volume={1},
  year={2009}
}

@article{parikh2014proximal,
  title={Proximal Algorithms.},
  author={Parikh, Neal and Boyd, Stephen P},
  journal={Foundations and Trends in optimization},
  volume={1},
  number={3},
  pages={127--239},
  year={2014}
}

@article{consonni2007mean,
  title={Mean-field variational approximate Bayesian inference for latent variable models},
  author={Consonni, Guido and Marin, Jean-Michel},
  journal={Computational Statistics \& Data Analysis},
  volume={52},
  number={2},
  pages={790--798},
  year={2007},
  publisher={Elsevier}
}

@article{Franzosa2015,
  doi = {10.1038/nrmicro3451},
  url = {https://doi.org/10.1038/nrmicro3451},
  year  = {2015},
  month = {apr},
  publisher = {Springer Nature},
  volume = {13},
  number = {6},
  pages = {360--372},
  author = {Eric A. Franzosa and Tiffany Hsu and Alexandra Sirota-Madi and Afrah Shafquat and Galeb Abu-Ali and Xochitl C. Morgan and Curtis Huttenhower},
  title = {Sequencing and beyond: integrating molecular 'omics' for microbial community profiling},
  journal = {Nature Reviews Microbiology}
}

@article{McHardy2013,
  doi = {10.1186/2049-2618-1-17},
  url = {https://doi.org/10.1186/2049-2618-1-17},
  year  = {2013},
  publisher = {Springer Nature},
  volume = {1},
  number = {1},
  pages = {17},
  author = {Ian H McHardy and Maryam Goudarzi and Maomeng Tong and Paul M Ruegger and Emma Schwager and John R Weger and Thomas G Graeber and Justin L Sonnenburg and Steve Horvath and Curtis Huttenhower and Dermot PB McGovern and Albert J Fornace and James Borneman and Jonathan Braun},
  title = {Integrative analysis of the microbiome and metabolome of the human intestinal mucosal surface reveals exquisite inter-relationships},
  journal = {Microbiome}
}

@article{Fukuyama2017,
  doi = {10.1371/journal.pcbi.1005706},
  url = {https://doi.org/10.1371/journal.pcbi.1005706},
  year  = {2017},
  month = {aug},
  publisher = {Public Library of Science ({PLoS})},
  volume = {13},
  number = {8},
  pages = {e1005706},
  author = {Julia Fukuyama and Laurie Rumker and Kris Sankaran and Pratheepa Jeganathan and Les Dethlefsen and David A. Relman and Susan P. Holmes},
  editor = {Elhanan Borenstein},
  title = {Multidomain analyses of a longitudinal human microbiome intestinal cleanout perturbation experiment},
  journal = {{PLOS} Computational Biology}
}

@article{Chaudhary2017,
  doi = {10.1101/114892},
  url = {https://doi.org/10.1101/114892},
  year  = {2017},
  month = {mar},
  publisher = {Cold Spring Harbor Laboratory},
  author = {Kumardeep Chaudhary and Olivier B. Poirion and Liangqun Lu and Lana X. Garmire},
  title = {Deep Learning based multi-omics integration robustly predicts survival in liver cancer}
}

@article{Chalise2017,
  doi = {10.1371/journal.pone.0176278},
  url = {https://doi.org/10.1371/journal.pone.0176278},
  year  = {2017},
  month = {may},
  publisher = {Public Library of Science ({PLoS})},
  volume = {12},
  number = {5},
  pages = {e0176278},
  author = {Prabhakar Chalise and Brooke L. Fridley},
  editor = {Shyamal D Peddada},
  title = {Integrative clustering of multi-level `omic data based on non-negative matrix factorization algorithm},
  journal = {{PLOS} {ONE}}
}

@article{Rahnavard2017,
  url = {https://huttenhower.sph.harvard.edu/halla},
  author = {Gholamali Rahnavard and Eric A. Franzosa and Lauren J. McIver and Emma Schwager and George Weingart and Yo Sup Moon and Xochitl C. Morgan and Levi Waldron and Curtis Huttenhower},
  title = {High-sensitivity pattern discovery in large multi'omic datasets}
}

@article{turnbaugh2009core,
  title={A core gut microbiome in obese and lean twins},
  author={Turnbaugh, Peter J and Hamady, Micah and Yatsunenko, Tanya and Cantarel, Brandi L and Duncan, Alexis and Ley, Ruth E and Sogin, Mitchell L and Jones, William J and Roe, Bruce A and Affourtit, Jason P and others},
  journal={nature},
  volume={457},
  number={7228},
  pages={480},
  year={2009},
  publisher={NIH Public Access}
}

@article{ley2006microbial,
  title={Microbial ecology: human gut microbes associated with obesity},
  author={Ley, Ruth E and Turnbaugh, Peter J and Klein, Samuel and Gordon, Jeffrey I},
  journal={Nature},
  volume={444},
  number={7122},
  pages={1022--1023},
  year={2006},
  publisher={Nature Publishing Group}
}

@article{ley2005obesity,
  title={Obesity alters gut microbial ecology},
  author={Ley, Ruth E and B{\"a}ckhed, Fredrik and Turnbaugh, Peter and Lozupone, Catherine A and Knight, Robin D and Gordon, Jeffrey I},
  journal={Proceedings of the National Academy of Sciences of the United States of America},
  volume={102},
  number={31},
  pages={11070--11075},
  year={2005},
  publisher={National Acad Sciences}
}

@article{ley2010obesity,
  title={Obesity and the human microbiome},
  author={Ley, Ruth E},
  journal={Current opinion in gastroenterology},
  volume={26},
  number={1},
  pages={5--11},
  year={2010},
  publisher={LWW}
}

@article{matsuzawa2008role,
  title={The role of fat topology in the risk of disease},
  author={Matsuzawa, Y},
  journal={International journal of obesity},
  volume={32},
  number={S7},
  pages={S83},
  year={2008},
  publisher={Nature Publishing Group}
}


@article{Anders2010,
  doi = {10.1186/gb-2010-11-10-r106},
  url = {https://doi.org/10.1186/gb-2010-11-10-r106},
  year  = {2010},
  publisher = {Springer Nature},
  volume = {11},
  number = {10},
  pages = {R106},
  author = {Simon Anders and Wolfgang Huber},
  title = {Differential expression analysis for sequence count data},
  journal = {Genome Biology}
}

@inproceedings{scholkopf2001kernel,
  title={The kernel trick for distances},
  author={Sch{\"o}lkopf, Bernhard},
  booktitle={Advances in neural information processing systems},
  pages={301--307},
  year={2001}
}

@book{seber2012linear,
  title={Linear regression analysis},
  author={Seber, George AF and Lee, Alan J},
  volume={936},
  year={2012},
  publisher={John Wiley \& Sons}
}

@inproceedings{mohamed2009bayesian,
  title={Bayesian exponential family PCA},
  author={Mohamed, Shakir and Ghahramani, Zoubin and Heller, Katherine A},
  booktitle={Advances in neural information processing systems},
  pages={1089--1096},
  year={2009}
}

@inproceedings{lee2001algorithms,
  title={Algorithms for non-negative matrix factorization},
  author={Lee, Daniel D and Seung, H Sebastian},
  booktitle={Advances in neural information processing systems},
  pages={556--562},
  year={2001}
}

@article{blei2003latent,
  title={Latent dirichlet allocation},
  author={Blei, David M and Ng, Andrew Y and Jordan, Michael I},
  journal={Journal of machine Learning research},
  volume={3},
  number={Jan},
  pages={993--1022},
  year={2003}
}


@article{hardoon2011sparse,
  title={Sparse canonical correlation analysis},
  author={Hardoon, David R and Shawe-Taylor, John},
  journal={Machine Learning},
  volume={83},
  number={3},
  pages={331--353},
  year={2011},
  publisher={Springer}
}

@article{zou2006sparse,
  title={Sparse principal component analysis},
  author={Zou, Hui and Hastie, Trevor and Tibshirani, Robert},
  journal={Journal of computational and graphical statistics},
  volume={15},
  number={2},
  pages={265--286},
  year={2006},
  publisher={Taylor \& Francis}
}

@article{balakrishnan2012sparse,
  title={Sparse additive functional and kernel CCA},
  author={Balakrishnan, Sivaraman and Puniyani, Kriti and Lafferty, John},
  journal={arXiv preprint arXiv:1206.4669},
  year={2012}
}

@article{archambeau2009sparse,
  title={Sparse probabilistic projections},
  author={Archambeau, C{\'e}dric and Bach, Francis R},
  booktitle={Advances in neural information processing systems},
  pages={73--80},
  year={2009}
}

@article{friedman2008sparse,
  title={Sparse inverse covariance estimation with the graphical lasso},
  author={Friedman, Jerome and Hastie, Trevor and Tibshirani, Robert},
  journal={Biostatistics},
  volume={9},
  number={3},
  pages={432--441},
  year={2008},
  publisher={Oxford University Press}
}

@article{chun2010sparse,
  title={Sparse partial least squares regression for simultaneous dimension reduction and variable selection},
  author={Chun, Hyonho and Kele{\c{s}}, S{\"u}nd{\"u}z},
  journal={Journal of the Royal Statistical Society: Series B (Statistical Methodology)},
  volume={72},
  number={1},
  pages={3--25},
  year={2010},
  publisher={Wiley Online Library}
}

@article{chung2012spls,
  title={SPLS: Sparse partial least squares (SPLS) regression and classification},
  author={Chung, Dongjun and Chun, Hyonho and Keles, Sunduz},
  journal={R package, version},
  volume={2},
  pages={1--1},
  year={2012}
}

@article{anders2010differential,
  title={Differential expression analysis for sequence count data},
  author={Anders, Simon and Huber, Wolfgang},
  journal={Genome biology},
  volume={11},
  number={10},
  pages={R106},
  year={2010},
  publisher={BioMed Central}
}

@article{chung2010sparse,
  title={Sparse partial least squares classification for high dimensional data},
  author={Chung, Dongjun and Keles, Sunduz},
  journal={Statistical applications in genetics and molecular biology},
  volume={9},
  number={1},
  year={2010}
}

@article{gomez2014data,
  title={Data integration in the era of omics: current and future challenges},
  author={Gomez-Cabrero, David and Abugessaisa, Imad and Maier, Dieter and Teschendorff, Andrew and Merkenschlager, Matthias and Gisel, Andreas and Ballestar, Esteban and Bongcam-Rudloff, Erik and Conesa, Ana and Tegn{\'e}r, Jesper},
  journal={BMC systems biology},
  volume={8},
  number={2},
  pages={I1},
  year={2014},
  publisher={BioMed Central}
}

@article{hannan1967canonical,
  title={Canonical correlation and multiple equation systems in economics},
  author={Hannan, EJ},
  journal={Econometrica: Journal of the Econometric Society},
  pages={123--138},
  year={1967},
  publisher={JSTOR}
}

@inproceedings{vlassis2000supervised,
  title={Supervised linear feature extraction for mobile robot localization},
  author={Vlassis, Nikos and Motomura, Yoichi and Krose, Ben},
  booktitle={Robotics and Automation, 2000. Proceedings. ICRA'00. IEEE International Conference on},
  volume={3},
  pages={2979--2984},
  year={2000},
  organization={IEEE}
}

@online{wellchina,
  author = {Stanford Prevention Research Center},
  title = {WELL-China: New Wellness Solutions}
  url = {https://prevention.stanford.edu/content/dam/sm/prevention/documents/about/WELL-CHINA.pdf},
  urldate = {11/06/2017}
}

@article{jolliffe2003modified,
  title={A modified principal component technique based on the LASSO},
  author={Jolliffe, Ian T and Trendafilov, Nickolay T and Uddin, Mudassir},
  journal={Journal of computational and Graphical Statistics},
  volume={12},
  number={3},
  pages={531--547},
  year={2003},
  publisher={Taylor \& Francis}
}

@article{le2008sparse,
  title={A sparse PLS for variable selection when integrating omics data},
  author={L{\^e} Cao, Kim-Anh and Rossouw, Debra and Robert-Grani{\'e}, Christele and Besse, Philippe},
  journal={Statistical applications in genetics and molecular biology},
  volume={7},
  number={1},
  year={2008}
}
